@UNPUBLISHED{OLdTebiki,
	author = "傳 康晴",
	yomi = "Yasuharu Den",
	title = "修論・卒論作成の手引き",
	note = "1991年11月25日版"
}
@UNPUBLISHED{Tebiki2004,
	author = "土屋 雅稔",
	title = "修論・卒論作成の手引き",
	note = "2004年1月21日版"
}
@BOOK{LaTeX,
	author = "Leslie Lamport",
	title = "{\LaTeX \rm:} {A} Document Preparation System",
	publisher = "Addison-Wesley",
	year = 1986,
	note = "(邦訳：『文書処理システム {\LaTeX}』 Edgar Cooke, 倉沢良一 監訳, 大野俊治, 小暮博道, 藤浦はる美 訳, アスキー， 1990年)"
}
@BOOK{GuideBook,
	author = "奥村 晴彦 and 黒木 裕介",
	title = "\LaTeX2e{}美文書作成入門",
	publisher = "技術評論社",
	year = 2017,
	note = "改訂7版",
}
